%YAML 1.1
%TAG !u! tag:unity3d.com,2011:
--- !u!1 &2599564666310570041
GameObject:
  m_ObjectHideFlags: 0
  m_CorrespondingSourceObject: {fileID: 0}
  m_PrefabInstance: {fileID: 0}
  m_PrefabAsset: {fileID: 0}
  serializedVersion: 6
  m_Component:
  - component: {fileID: 2595587984799985831}
  - component: {fileID: 2802486119954874647}
  - component: {fileID: 2685375083264265247}
  - component: {fileID: 2600152334447047858}
  - component: {fileID: -6923531892780054121}
  m_Layer: 0
  m_Name: GreenMonster
  m_TagString: Untagged
  m_Icon: {fileID: 0}
  m_NavMeshLayer: 0
  m_StaticEditorFlags: 0
  m_IsActive: 1
--- !u!4 &2595587984799985831
Transform:
  m_ObjectHideFlags: 0
  m_CorrespondingSourceObject: {fileID: 0}
  m_PrefabInstance: {fileID: 0}
  m_PrefabAsset: {fileID: 0}
  m_GameObject: {fileID: 2599564666310570041}
  m_LocalRotation: {x: 0, y: 0, z: 0, w: 1}
  m_LocalPosition: {x: 2.88, y: 0, z: 0}
  m_LocalScale: {x: 1, y: 1, z: 1}
  m_Children: []
  m_Father: {fileID: 0}
  m_RootOrder: 0
  m_LocalEulerAnglesHint: {x: 0, y: 0, z: 0}
--- !u!212 &2802486119954874647
SpriteRenderer:
  m_ObjectHideFlags: 0
  m_CorrespondingSourceObject: {fileID: 0}
  m_PrefabInstance: {fileID: 0}
  m_PrefabAsset: {fileID: 0}
  m_GameObject: {fileID: 2599564666310570041}
  m_Enabled: 1
  m_CastShadows: 0
  m_ReceiveShadows: 0
  m_DynamicOccludee: 1
  m_MotionVectors: 1
  m_LightProbeUsage: 1
  m_ReflectionProbeUsage: 1
  m_RenderingLayerMask: 4294967295
  m_RendererPriority: 0
  m_Materials:
  - {fileID: 10754, guid: 0000000000000000f000000000000000, type: 0}
  m_StaticBatchInfo:
    firstSubMesh: 0
    subMeshCount: 0
  m_StaticBatchRoot: {fileID: 0}
  m_ProbeAnchor: {fileID: 0}
  m_LightProbeVolumeOverride: {fileID: 0}
  m_ScaleInLightmap: 1
  m_ReceiveGI: 1
  m_PreserveUVs: 0
  m_IgnoreNormalsForChartDetection: 0
  m_ImportantGI: 0
  m_StitchLightmapSeams: 0
  m_SelectedEditorRenderState: 0
  m_MinimumChartSize: 4
  m_AutoUVMaxDistance: 0.5
  m_AutoUVMaxAngle: 89
  m_LightmapParameters: {fileID: 0}
  m_SortingLayerID: 0
  m_SortingLayer: 0
  m_SortingOrder: 7
  m_Sprite: {fileID: 21300000, guid: 0c3a3ade04aa91a4c8df7d25c6c21569, type: 3}
  m_Color: {r: 1, g: 1, b: 1, a: 1}
  m_FlipX: 0
  m_FlipY: 0
  m_DrawMode: 0
  m_Size: {x: 1.21, y: 1.235}
  m_AdaptiveModeThreshold: 0.5
  m_SpriteTileMode: 0
  m_WasSpriteAssigned: 1
  m_MaskInteraction: 0
  m_SpriteSortPoint: 0
--- !u!95 &2685375083264265247
Animator:
  serializedVersion: 3
  m_ObjectHideFlags: 0
  m_CorrespondingSourceObject: {fileID: 0}
  m_PrefabInstance: {fileID: 0}
  m_PrefabAsset: {fileID: 0}
  m_GameObject: {fileID: 2599564666310570041}
  m_Enabled: 1
  m_Avatar: {fileID: 0}
  m_Controller: {fileID: 9100000, guid: 06c59609a04ad454795494a09f46ac1d, type: 2}
  m_CullingMode: 0
  m_UpdateMode: 0
  m_ApplyRootMotion: 0
  m_LinearVelocityBlending: 0
  m_WarningMessage: 
  m_HasTransformHierarchy: 1
  m_AllowConstantClipSamplingOptimization: 1
  m_KeepAnimatorControllerStateOnDisable: 0
--- !u!60 &2600152334447047858
PolygonCollider2D:
  m_ObjectHideFlags: 0
  m_CorrespondingSourceObject: {fileID: 0}
  m_PrefabInstance: {fileID: 0}
  m_PrefabAsset: {fileID: 0}
  m_GameObject: {fileID: 2599564666310570041}
  m_Enabled: 1
  m_Density: 1
  m_Material: {fileID: 0}
  m_IsTrigger: 1
  m_UsedByEffector: 0
  m_UsedByComposite: 0
  m_Offset: {x: 0, y: 0}
  m_SpriteTilingProperty:
    border: {x: 0, y: 0, z: 0, w: 0}
    pivot: {x: 0.5, y: 0.5}
    oldSize: {x: 1.21, y: 1.235}
    newSize: {x: 1.21, y: 1.235}
    adaptiveTilingThreshold: 0.5
    drawMode: 0
    adaptiveTiling: 0
  m_AutoTiling: 0
  m_Points:
    m_Paths:
    - - {x: 0.355, y: -0.42249998}
      - {x: 0.44, y: -0.39749998}
      - {x: 0.48499998, y: -0.36749998}
      - {x: 0.53, y: -0.3225}
      - {x: 0.55, y: -0.2775}
      - {x: 0.56, y: -0.2325}
      - {x: 0.56, y: -0.1125}
      - {x: 0.55, y: -0.057499997}
      - {x: 0.545, y: -0.0175}
      - {x: 0.48999998, y: 0.107499994}
      - {x: 0.42, y: 0.2575}
      - {x: 0.36499998, y: 0.3525}
      - {x: 0.305, y: 0.4375}
      - {x: 0.265, y: 0.4825}
      - {x: 0.205, y: 0.5475}
      - {x: 0.08, y: 0.60749996}
      - {x: -0.03, y: 0.60749996}
      - {x: -0.07, y: 0.60249996}
      - {x: -0.13, y: 0.5875}
      - {x: -0.195, y: 0.5625}
      - {x: -0.28, y: 0.5175}
      - {x: -0.33499998, y: 0.46249998}
      - {x: -0.42, y: 0.3525}
      - {x: -0.45999998, y: 0.2925}
      - {x: -0.5, y: 0.21249999}
      - {x: -0.53499997, y: 0.0975}
      - {x: -0.56, y: -0.0075}
      - {x: -0.575, y: -0.0775}
      - {x: -0.575, y: -0.2725}
      - {x: -0.555, y: -0.3175}
      - {x: -0.49499997, y: -0.3825}
      - {x: -0.45499998, y: -0.4025}
      - {x: -0.315, y: -0.4375}
      - {x: -0.25, y: -0.4475}
      - {x: -0.095, y: -0.46249998}
      - {x: 0.035, y: -0.46249998}
      - {x: 0.114999995, y: -0.45749998}
      - {x: 0.175, y: -0.4525}
      - {x: 0.28, y: -0.4375}
--- !u!114 &-6923531892780054121
MonoBehaviour:
  m_ObjectHideFlags: 0
  m_CorrespondingSourceObject: {fileID: 0}
  m_PrefabInstance: {fileID: 0}
  m_PrefabAsset: {fileID: 0}
  m_GameObject: {fileID: 2599564666310570041}
  m_Enabled: 1
  m_EditorHideFlags: 0
  m_Script: {fileID: 11500000, guid: a5f96412c9bf57c4fbacf0afdd7f6f27, type: 3}
  m_Name: 
  m_EditorClassIdentifier: 
